

@article{DBLP:journals/corr/ChenNAKF17,
  author    = {Siheng Chen and
               Sufeng Niu and
               Leman Akoglu and
               Jelena Kovacevic and
               Christos Faloutsos},
  title     = {Fast, Warped Graph Embedding: Unifying Framework and One-Click Algorithm},
  journal   = {CoRR},
  volume    = {abs/1702.05764},
  year      = {2017},
  url       = {http://arxiv.org/abs/1702.05764},
  timestamp = {Wed, 01 Mar 2017 14:26:00 +0100},
  biburl    = {http://dblp.uni-trier.de/rec/bib/journals/corr/ChenNAKF17},
  bibsource = {dblp computer science bibliography, http://dblp.org}
}

@inproceedings{DBLP:conf/kdd/PerozziAS14,
  author    = {Bryan Perozzi and
               Rami Al{-}Rfou and
               Steven Skiena},
  title     = {DeepWalk: online learning of social representations},
  booktitle = {The 20th {ACM} {SIGKDD} International Conference on Knowledge Discovery
               and Data Mining, {KDD} '14, New York, NY, {USA} - August 24 - 27,
               2014},
  pages     = {701--710},
  year      = {2014},
  url       = {http://doi.acm.org/10.1145/2623330.2623732},
  doi       = {10.1145/2623330.2623732},
  timestamp = {Wed, 24 Sep 2014 13:01:29 +0200},
  biburl    = {http://dblp.uni-trier.de/rec/bib/conf/kdd/PerozziAS14},
  bibsource = {dblp computer science bibliography, http://dblp.org}
}

@inproceedings{DBLP:conf/kdd/GroverL16,
  author    = {Aditya Grover and
               Jure Leskovec},
  title     = {node2vec: Scalable Feature Learning for Networks},
  booktitle = {Proceedings of the 22nd {ACM} {SIGKDD} International Conference on
               Knowledge Discovery and Data Mining, San Francisco, CA, USA, August
               13-17, 2016},
  pages     = {855--864},
  year      = {2016},
  url       = {http://doi.acm.org/10.1145/2939672.2939754},
  doi       = {10.1145/2939672.2939754},
  timestamp = {Tue, 09 Aug 2016 09:42:25 +0200},
  biburl    = {http://dblp.uni-trier.de/rec/bib/conf/kdd/GroverL16},
  bibsource = {dblp computer science bibliography, http://dblp.org}
}

@inproceedings{DBLP:conf/www/TangQWZYM15,
  author    = {Jian Tang and
               Meng Qu and
               Mingzhe Wang and
               Ming Zhang and
               Jun Yan and
               Qiaozhu Mei},
  title     = {{LINE:} Large-scale Information Network Embedding},
  booktitle = {Proceedings of the 24th International Conference on World Wide Web,
               {WWW} 2015, Florence, Italy, May 18-22, 2015},
  pages     = {1067--1077},
  year      = {2015},
  url       = {http://doi.acm.org/10.1145/2736277.2741093},
  doi       = {10.1145/2736277.2741093},
  timestamp = {Mon, 25 May 2015 17:32:51 +0200},
  biburl    = {http://dblp.uni-trier.de/rec/bib/conf/www/TangQWZYM15},
  bibsource = {dblp computer science bibliography, http://dblp.org}
}

@inproceedings{DBLP:conf/cikm/TangL09,
  author    = {Lei Tang and
               Huan Liu},
  title     = {Scalable learning of collective behavior based on sparse social dimensions},
  booktitle = {Proceedings of the 18th {ACM} Conference on Information and Knowledge
               Management, {CIKM} 2009, Hong Kong, China, November 2-6, 2009},
  pages     = {1107--1116},
  year      = {2009},
  url       = {http://doi.acm.org/10.1145/1645953.1646094},
  doi       = {10.1145/1645953.1646094},
  timestamp = {Tue, 17 Nov 2009 10:23:07 +0100},
  biburl    = {http://dblp.uni-trier.de/rec/bib/conf/cikm/TangL09},
  bibsource = {dblp computer science bibliography, http://dblp.org}
}
@article{DBLP:journals/corr/abs-1301-3781,
  author    = {Tomas Mikolov and
               Kai Chen and
               Greg Corrado and
               Jeffrey Dean},
  title     = {Efficient Estimation of Word Representations in Vector Space},
  journal   = {CoRR},
  volume    = {abs/1301.3781},
  year      = {2013},
  url       = {http://arxiv.org/abs/1301.3781},
  timestamp = {Thu, 07 May 2015 20:02:01 +0200},
  biburl    = {http://dblp.uni-trier.de/rec/bib/journals/corr/abs-1301-3781},
  bibsource = {dblp computer science bibliography, http://dblp.org}
}

@inproceedings{DBLP:conf/aistats/MorinB05,
  author    = {Frederic Morin and
               Yoshua Bengio},
  title     = {Hierarchical Probabilistic Neural Network Language Model},
  booktitle = {Proceedings of the Tenth International Workshop on Artificial Intelligence
               and Statistics, {AISTATS} 2005, Bridgetown, Barbados, January 6-8,
               2005},
  year      = {2005},
  crossref  = {DBLP:conf/aistats/2005},
  url       = {http://www.gatsby.ucl.ac.uk/aistats/fullpapers/208.pdf},
  timestamp = {Wed, 06 May 2015 20:37:32 +0200},
  biburl    = {http://dblp.uni-trier.de/rec/bib/conf/aistats/MorinB05},
  bibsource = {dblp computer science bibliography, http://dblp.org}
}

@proceedings{DBLP:conf/aistats/2005,
  editor    = {Robert G. Cowell and
               Zoubin Ghahramani},
  title     = {Proceedings of the Tenth International Workshop on Artificial Intelligence
               and Statistics, {AISTATS} 2005, Bridgetown, Barbados, January 6-8,
               2005},
  publisher = {Society for Artificial Intelligence and Statistics},
  year      = {2005},
  url       = {http://www.gatsby.ucl.ac.uk/aistats},
  timestamp = {Wed, 06 May 2015 20:30:46 +0200},
  biburl    = {http://dblp.uni-trier.de/rec/bib/conf/aistats/2005},
  bibsource = {dblp computer science bibliography, http://dblp.org}
}

@inproceedings{DBLP:conf/nips/MikolovSCCD13,
  author    = {Tomas Mikolov and
               Ilya Sutskever and
               Kai Chen and
               Gregory S. Corrado and
               Jeffrey Dean},
  title     = {Distributed Representations of Words and Phrases and their Compositionality},
  booktitle = {Advances in Neural Information Processing Systems 26: 27th Annual
               Conference on Neural Information Processing Systems 2013. Proceedings
               of a meeting held December 5-8, 2013, Lake Tahoe, Nevada, United States.},
  pages     = {3111--3119},
  year      = {2013},
  url       = {http://papers.nips.cc/paper/5021-distributed-representations-of-words-and-phrases-and-their-compositionality},
  timestamp = {Thu, 07 May 2015 20:02:01 +0200},
  biburl    = {http://dblp.uni-trier.de/rec/bib/conf/nips/MikolovSCCD13},
  bibsource = {dblp computer science bibliography, http://dblp.org}
}